@online{jmloptical,
	author = {JML Optical},
	title = {Third-Order Seidel Aberrations},
	url = {https://www.jmloptical.com/resources/third-order-seidel-aberrations/},
	urldate = {2021-11-02}
}

@online{mtiinstruments,
	author = {MTI Instruments},
	title = {Laser Triangulation Sensors},
	url = {https://mtiinstruments.com/technology-principles/laser-triangulation-sensors/},
	urldate = {2021-11-01}
}

@online{globalspec,
	author = {GlobalSpec},
	title = {Optical Triangulation Position Sensors Information},
	url = {https://www.globalspec.com/learnmore/sensors_transducers_detectors/linear_position_sensing/optical_triangulation_position_sensors},
	urldate = {2021-11-01}
}

@online{sensorpartners,
	author = {Sensor Partners},
	title = {Triangulation measurement: how it works and what to use it for},
	url = {https://www.sensorpartners.com/en/knowledge-base/what-is-a-triangulation-measurement/},
	urldate = {2021-11-01}
}

@online{omron,
	author = {OMRON Industrial Automation},
	title = {Technical Explanation for Photoelectric Sensors},
	url = {https://www.ia.omron.com/support/guide/43/introduction.html},
	urldate = {2021-10-10}
}

@article{miks,
	author = "Antonin Miks and Jiri Novak and Pavel Novak",
	title = "Analysis of imaging for laser triangulation sensors under Scheimpflug rule",
	journal = "Optics Express",
	volume = "21",
	number = "15",
	year = "2013",
	DOI = "https://doi.org/10.1364/oe.21.018225",
}

@article{desargues,
	author = {Girard Desargues},
	title  = {Brouillon projet d'une Atteinte aux évènements des rencontres du cône avec un plan},
	year   = 1639,
}

@patent{US3633010,
	author       = {Oleg Svetlichny and Chelmsford, Mass.},
	title        = {Computer-Aided Laser-Based Measurement System},
	number       = 3633010,
	date         = {1972-01-04},
	holder       = {{Geosystem, Inc. Burlington, Mass.}},
	type         = {patentus},
}

@patent{US4774403,
	author       = {Micheal T. Arts and Deerfield, Fla.},
	title        = {Triangulation-Type Position Measuring Device},
	number       = 4774403,
	date         = {1988-09-27},
	holder       = {{Harvey Industries, Inc., Little Rock, Ark.}},
	type         = {patentus},
}

@patent{GB1139,
	author = {Jules Carpenter},
	title  = {Improvements in Enlarging or like Cameras},
	number = 1139,
	date   = {1901-11-02},
	type   = {patentuk},
}

@patent{GB1196,
	author = {Theodor Scheimpf},
	title  = {Improved Method and Apparatus for the Systematic Alteration or Distortion of Plane Pictures and Images by Means of Lenses and Mirrors for Photography and for other purposes},
	number = 1196,
	date   = {1904-05-12},
	type   = {patentuk},
}

@book{spie,
	title     = "Laser Beam Quality Metrics",
	author    = "T. Sean Ross",
	year      = 2013,
	publisher = "International Society for Optics and Photonics",
}
